@book{kalkulus,
     author = {Tom Lindstr{\o}m},
     title = {Kalkulus},
     publisher = {Universitetsforlaget},
     year = 2012,
     edition = {Third}
}

@book{matinf,
     author = {Knut M{\o}rken},
     title = {Numerical Algorithms and Digital Representation},
     publisher = {Universitetsforlaget},
     year = 2017,
     edition = {Third}
}

@book{linalg,
     author = {David C. Lay, Steven R. Lay, Judi J. McDonald},
     title = {Linear Algebra and its Applications},
     publisher = {Pearson},
     year = 2016,
     edition = {Fifth}
}

@book{matmet,
     author = {Mary L. Boas},
     title = {Linear Algebra and its Applications},
     publisher = {Wiley},
     year = 2006,
     edition = {Third}
}

@book{compfys,
     author = {Morten Hjorth-Jensen},
     title = {Computational Physics, Lecture Notes Fall 2015},
     month = {August},
     year = 2015,
     note = {https://github.com/CompPhysics/ComputationalPhysics/blob/master/doc/Lectures/lectures2015.pdf}
}

@article{thomasalg,
  author  = {Llewellyn Hilleth Thomas}, 
  title   = {Elliptic Problems in Linear Differential Equations over a Network},
  year    = 1949,
  note    = {Watson Sci. Comput. Lab Report, Columbia University, New York.} 
}