@book{kalkulus,
     author = {Tom Lindstr{\o}m},
     title = {Kalkulus},
     publisher = {Universitetsforlaget},
     year = 2012,
     edition = {Third}
}

@book{matinf,
     author = {Knut M{\o}rken},
     title = {Numerical Algorithms and Digital Representation},
     publisher = {Universitetsforlaget},
     year = 2017,
     edition = {Third}
}

@book{linalg,
     author = {David C. Lay, Steven R. Lay, Judi J. McDonald},
     title = {Linear Algebra and its Applications},
     publisher = {Pearson},
     year = 2016,
     edition = {Fifth}
}

@book{matmet,
     author = {Mary L. Boas},
     title = {Linear Algebra and its Applications},
     publisher = {Wiley},
     year = 2006,
     edition = {Third}
}

@book{compfys,
     author = {Morten Hjorth-Jensen},
     title = {Computational Physics, Lecture Notes Fall 2015},
     month = {August},
     year = 2015,
     note = {\url{https://github.com/CompPhysics/ComputationalPhysics/blob/master/doc/Lectures/lectures2015.pdf}}
}

@article{thomasalg,
  author  = {Llewellyn Hilleth Thomas},
  title   = {Elliptic Problems in Linear Differential Equations over a Network},
  year    = 1949,
  note    = {Watson Sci. Comput. Lab Report, Columbia University, New York.} 
}


@book{eigenvalues_beam,
  title={Numerical solution of partial differential equations: finite difference methods},
  author={Smith, Gordon D and Smith, Gordon D and Smith, Gordon Dennis Smith},
  year={1985},
  publisher={Oxford university press},
 note = {\url{https://books.google.no/books?hl=en&lr=&id=hDpvljaHOrMC&oi=fnd&pg=PR13&ots=-3omoRx6Z4&sig=ht_i6NbdMmBsM-kpKjX_aHKW8Cw&redir_esc=y#v=onepage&q=tridiagonal&f=false}}
}

@article{beam_diff,
author = {Anghel, Viorel},
year = {2018},
month = {12},
pages = {3-12},
title = {Buckling Analysis of Straight Beams with different Boundary Conditions using an Integral Formulation of corresponding Differential Equations},
volume = {10},
journal = {INCAS BULLETIN},
doi = {10.13111/2066-8201.2018.10.4.1}
}   

@book{jacobis_method,
  title={Matrix Computations},
  author={Golub, Gene H. and Van Loan, Charles F.},
  isbn={9781421408590},
  lccn={2012943449},
  series={Matrix Computations},
  url={https://books.google.no/books?id=5U-l8U3P-VUC},
  year={2012},
  publisher={Johns Hopkins University Press}
}

@book{griffiths,
  title={Introduction to Quantum Mechanics},
  author={Griffiths, David J. and Schroeter, Darrell F.},
  year={2018},
  edition={Third},
  publisher={Cambridge University Press}
}

@article{two_electrons_eigenvalues,
  title = {Two electrons in an external oscillator potential: Particular analytic solutions of a Coulomb correlation problem},
  author = {Taut, M.},
  journal = {Phys. Rev. A},
  volume = {48},
  issue = {5},
  pages = {3561--3566},
  numpages = {0},
  year = {1993},
  month = {Nov},
  publisher = {American Physical Society},
  doi = {10.1103/PhysRevA.48.3561},
  url = {https://link.aps.org/doi/10.1103/PhysRevA.48.3561}
}
